@online{litres,
  language = "russian",
  title    = "Литрес [Электронный ресурс]",
  note     = "Режим доступа URL: \url{https://www.litres.ru} (Дата обращения: 09.04.2024)"
}

@online{moscowlib,
  language = "russian",
  title    = "Электронная библиотека [Электронный ресурс]",
  note     = "Режим доступа URL: \url{https://academia-moscow.ru/elibrary/} (Дата обращения: 09.04.2024)"
}


@online{overdrive,
  language = "english",
  title    = "OverDrive [Электронный ресурс]",
  note     = "Режим доступа URL: \url{https://www.overdrive.com} (Дата обращения: 09.04.2024)"
}


@online{kafka,
  language = "english",
  title    = "Kafka [Электронный ресурс]",
  note     = "Режим доступа URL: \url{https://kafka.apache.org} (Дата обращения: 09.04.2024)"
}


@online{idprovider,
  language = "english",
  title    = "Identity Provider [Электронный ресурс]",
  note     = "Режим доступа URL: \url{https://www.okta.com/identity-101/why-your-company-needs-an-identity-provider/} (Дата обращения: 09.04.2024)"
}


@online{zookeeper,
  language = "english",
  title    = "Zookeeper [Электронный ресурс]",
  note     = "Режим доступа URL: \url{https://zookeeper.apache.org} (Дата обращения: 09.04.2024)"
}


@online{ubuntu,
  language = "english",
  title    = "Ubuntu [Электронный ресурс]",
  note     = "Режим доступа URL: \url{https://ubuntu.com} (Дата обращения: 09.04.2024)"
}


@online{postgresql,
  language = "english",
  title    = "PostgreSQL [Электронный ресурс]",
  note     = "Режим доступа URL: \url{https://www.postgresql.org} (Дата обращения: 09.04.2024)"
}


@online{python,
  language = "english",
  title    = "Python [Электронный ресурс]",
  note     = "Режим доступа URL: \url{https://www.python.org} (Дата обращения: 09.04.2024)"
}


@online{fastapi,
  language = "english",
  title    = "FastAPI [Электронный ресурс]",
  note     = "Режим доступа URL: \url{https://fastapi.tiangolo.com} (Дата обращения: 09.04.2024)"
}


@online{react,
  language = "english",
  title    = "React [Электронный ресурс]",
  note     = "Режим доступа URL: \url{https://react.dev} (Дата обращения: 09.04.2024)"
}









